@article{Valivarthi2016,
author = {Valivarthi, Raju and Puigibert, Marcel.li Grimau and Zhou, Qiang and Aguilar, Gabriel H. and Verma, Varun B. and Marsili, Francesco and Shaw, Matthew D. and Nam, Sae Woo and Oblak, Daniel and Tittel, Wolfgang},
doi = {10.1038/nphoton.2016.180},
issn = {1749-4885},
journal = {Nature Photonics},
month = {sep},
number = {10},
pages = {676--680},
title = {{Quantum teleportation across a metropolitan fibre network}},
url = {http://www.nature.com/doifinder/10.1038/nphoton.2016.180},
volume = {10},
year = {2016}
}
@article{Sun2016,
author = {Sun, Qi-Chao and Mao, Ya-Li and Chen, Si-Jing and Zhang, Wei and Jiang, Yang-Fan and Zhang, Yan-Bao and Zhang, Wei-Jun and Miki, Shigehito and Yamashita, Taro and Terai, Hirotaka and Jiang, Xiao and Chen, Teng-Yun and You, Li-Xing and Chen, Xian-Feng and Wang, Zhen and Fan, Jing-Yun and Zhang, Qiang and Pan, Jian-Wei},
doi = {10.1038/nphoton.2016.179},
issn = {1749-4885},
journal = {Nature Photonics},
month = {sep},
number = {10},
pages = {671--675},
title = {{Quantum teleportation with independent sources and prior entanglement distribution over a network}},
url = {http://www.nature.com/doifinder/10.1038/nphoton.2016.179},
volume = {10},
year = {2016}
}
@article{Krauter2013,
author = {Krauter, H. and Salart, D. and Muschik, C. A. and Petersen, J. M. and Shen, Heng and Fernholz, T. and Polzik, E. S.},
doi = {10.1038/nphys2631},
issn = {1745-2473},
journal = {Nature Physics},
month = {jun},
number = {7},
pages = {400--404},
title = {{Deterministic quantum teleportation between distant atomic objects}},
url = {http://www.nature.com/doifinder/10.1038/nphys2631},
volume = {9},
year = {2013}
}
@article{Bennett1993,
author = {Bennett, Charles H. and Brassard, Gilles and Cr{\'{e}}peau, Claude and Jozsa, Richard and Peres, Asher and Wootters, William K.},
doi = {10.1103/PhysRevLett.70.1895},
issn = {0031-9007},
journal = {Physical Review Letters},
month = {mar},
number = {13},
pages = {1895--1899},
title = {{Teleporting an unknown quantum state via dual classical and Einstein-Podolsky-Rosen channels}},
url = {https://link.aps.org/doi/10.1103/PhysRevLett.70.1895},
volume = {70},
year = {1993}
}
